@misc{cao2017realtimemultiperson2dpose,
      title={Realtime Multi-Person 2D Pose Estimation using Part Affinity Fields}, 
      author={Zhe Cao and Tomas Simon and Shih-En Wei and Yaser Sheikh},
      year={2017},
      eprint={1611.08050},
      archivePrefix={arXiv},
      primaryClass={cs.CV},
      url={https://arxiv.org/abs/1611.08050}, 
}

@misc{sun2019deephighresolutionrepresentationlearning,
      title={Deep High-Resolution Representation Learning for Human Pose Estimation}, 
      author={Ke Sun and Bin Xiao and Dong Liu and Jingdong Wang},
      year={2019},
      eprint={1902.09212},
      archivePrefix={arXiv},
      primaryClass={cs.CV},
      url={https://arxiv.org/abs/1902.09212}, 
}

@misc{xiao2018simplebaselineshumanpose,
      title={Simple Baselines for Human Pose Estimation and Tracking}, 
      author={Bin Xiao and Haiping Wu and Yichen Wei},
      year={2018},
      eprint={1804.06208},
      archivePrefix={arXiv},
      primaryClass={cs.CV},
      url={https://arxiv.org/abs/1804.06208}, 
}

@misc{cheng2020higherhrnetscaleawarerepresentationlearning,
      title={HigherHRNet: Scale-Aware Representation Learning for Bottom-Up Human Pose Estimation}, 
      author={Bowen Cheng and Bin Xiao and Jingdong Wang and Honghui Shi and Thomas S. Huang and Lei Zhang},
      year={2020},
      eprint={1908.10357},
      archivePrefix={arXiv},
      primaryClass={cs.CV},
      url={https://arxiv.org/abs/1908.10357}, 
}

@misc{fang2018rmperegionalmultipersonpose,
      title={RMPE: Regional Multi-person Pose Estimation}, 
      author={Hao-Shu Fang and Shuqin Xie and Yu-Wing Tai and Cewu Lu},
      year={2018},
      eprint={1612.00137},
      archivePrefix={arXiv},
      primaryClass={cs.CV},
      url={https://arxiv.org/abs/1612.00137}, 
}

@misc{li2019simpleposerethinkingimproving,
      title={Simple Pose: Rethinking and Improving a Bottom-up Approach for Multi-Person Pose Estimation}, 
      author={Jia Li and Wen Su and Zengfu Wang},
      year={2019},
      eprint={1911.10529},
      archivePrefix={arXiv},
      primaryClass={cs.CV},
      url={https://arxiv.org/abs/1911.10529}, 
}

@misc{nachum2019nearoptimalrepresentationlearninghierarchical,
      title={Near-Optimal Representation Learning for Hierarchical Reinforcement Learning}, 
      author={Ofir Nachum and Shixiang Gu and Honglak Lee and Sergey Levine},
      year={2019},
      eprint={1810.01257},
      archivePrefix={arXiv},
      primaryClass={cs.AI},
      url={https://arxiv.org/abs/1810.01257}, 
}

@misc{bazarevsky2020blazeposeondevicerealtimebody,
      title={BlazePose: On-device Real-time Body Pose tracking}, 
      author={Valentin Bazarevsky and Ivan Grishchenko and Karthik Raveendran and Tyler Zhu and Fan Zhang and Matthias Grundmann},
      year={2020},
      eprint={2006.10204},
      archivePrefix={arXiv},
      primaryClass={cs.CV},
      url={https://arxiv.org/abs/2006.10204}, 
}

@misc{zhang2019pose2segdetectionfreehuman,
      title={Pose2Seg: Detection Free Human Instance Segmentation}, 
      author={Song-Hai Zhang and Ruilong Li and Xin Dong and Paul L. Rosin and Zixi Cai and Xi Han and Dingcheng Yang and Hao-Zhi Huang and Shi-Min Hu},
      year={2019},
      eprint={1803.10683},
      archivePrefix={arXiv},
      primaryClass={cs.CV},
      url={https://arxiv.org/abs/1803.10683}, 
}

@Article{app12168160,
    AUTHOR = {Moysiadis, Vasileios and Katikaridis, Dimitrios and Benos, Lefteris and Busato, Patrizia and Anagnostis, Athanasios and Kateris, Dimitrios and Pearson, Simon and Bochtis, Dionysis},
    TITLE = {An Integrated Real-Time Hand Gesture Recognition Framework for Humanâ€“Robot Interaction in Agriculture},
    JOURNAL = {Applied Sciences},
    VOLUME = {12},
    YEAR = {2022},
    NUMBER = {16},
    ARTICLE-NUMBER = {8160},
    URL = {https://www.mdpi.com/2076-3417/12/16/8160},
    ISSN = {2076-3417},
    DOI = {10.3390/app12168160}
}

@misc{Roboflow,
    author       = {Lynn, Trevor},
    howpublished = {Roboflow Blog},
    title        = {Pose Estimation Algorithms: History and Evolution.},
    url          = {https://blog.roboflow.com/pose-estimation-algorithms-history/},
    day          = {19},
    month        = {Jul},
    year         = {2023}
}

@inproceedings{liu2018recognizing,
  title={Recognizing human actions as the evolution of pose estimation maps},
  author={Liu, Mengyuan and Yuan, Junsong},
  booktitle={Proceedings of the IEEE conference on computer vision and pattern recognition},
  pages={1159--1168},
  year={2018}
}

#NHS (2023). Obesity. [online] NHS. Available at: https://www.nhs.uk/conditions/obesity/.
@misc{NHS-obesity,
    author       = {NHS},
    title        = {Obesity},
    url          = {https://www.nhs.uk/conditions/obesity/},
    year         = {2023}
}

#NHS (2021). Benefits of Exercise. [online] NHS. Available at: https://www.nhs.uk/live-well/exercise/exercise-health-benefits/.
@misc{NHS-benefits,
      author       = {NHS},
      title        = {Benefits of Exercise},
      url          = {https://www.nhs.uk/live-well/exercise/exercise-health-benefits/},
      year         = {2021}
}