


YOLO ULTRALYTICS

@InProceedings{Redmon_2016_CVPR,
    author = {Redmon, Joseph and Divvala, Santosh and Girshick, Ross and Farhadi, Ali},
    title = {You Only Look Once: Unified, Real-Time Object Detection},
    booktitle = {Proceedings of the IEEE Conference on Computer Vision and Pattern Recognition (CVPR)},
    month = {June},
    year = {2016}
} 

@article{hussain2024yolov5,
  title={YOLOv5, YOLOv8 and YOLOv10: The Go-To Detectors for Real-time Vision},
  author={Hussain, Muhammad},
  journal={arXiv preprint arXiv:2407.02988},
  year={2024}
}

@article{sapkota2024yolov10,
  title={YOLOv10 to Its Genesis: A Decadal and Comprehensive Review of The You Only Look Once Series},
  author={Sapkota, Ranjan and Qureshi, Rizwan and Calero, Marco Flores and Hussain, Muhammad and Badjugar, Chetan and Nepal, Upesh and Poulose, Alwin and Zeno, Peter and Vaddevolu, Uday Bhanu Prakash and Yan, Hong and others},
  journal={arXiv preprint arXiv:2406.19407},
  year={2024}
}

@inproceedings{nazarkevych2024yolo,
  title={A YOLO-based Method for Object Contour Detection and Recognition in Video Sequences.},
  author={Nazarkevych, Mariia and Kostiak, Maryna and Oleksiv, Nazar and Vysotska, Victoria and Shvahuliak, Andrii-Taras},
  booktitle={CPITS},
  pages={49--58},
  year={2024}
}

@article{kang2023real,
  title={Real-time object detection and segmentation technology: an analysis of the YOLO algorithm},
  author={Kang, Chang Ho and Kim, Sun Young},
  journal={JMST Advances},
  volume={5},
  number={2},
  pages={69--76},
  year={2023},
  publisher={Springer}
}

@inproceedings{krishnan2024robust,
  title={A Robust Fall Detection System for Elderly Persons Using YOLO},
  author={Krishnan, T Vyshakh and Abhilash, BK and Govind, Sabeen},
  booktitle={2024 5th International Conference on Innovative Trends in Information Technology (ICITIIT)},
  pages={1--5},
  year={2024},
  organization={IEEE}
}

@inproceedings{wang2020deep,
  title={Deep learning based target detection algorithm for motion capture applications},
  author={Wang, Haitao and Tong, Xin and Lu, Fengyun},
  booktitle={Journal of Physics: Conference Series},
  volume={1682},
  number={1},
  pages={012032},
  year={2020},
  organization={IOP Publishing}
}

@article{drap2024automatic,
  title={Automatic Deep-Sea Amphorae Detection Using Optimal 2D Ultralytics Deep Learning},
  author={DRAP, Pierre and others},
  journal={International Journal of Computing and Digital Systems},
  volume={17},
  number={1},
  pages={1--11},
  year={2024},
  publisher={University of Bahrain}
}

@ARTICLE{10028728,
  author={Zou, Zhengxia and Chen, Keyan and Shi, Zhenwei and Guo, Yuhong and Ye, Jieping},
  journal={Proceedings of the IEEE}, 
  title={Object Detection in 20 Years: A Survey}, 
  year={2023},
  volume={111},
  number={3},
  pages={257-276},
  keywords={Object detection;Detectors;Computer vision;Feature extraction;Deep learning;Convolutional neural networks;Computer vision;convolutional neural networks (CNNs);deep learning;object detection;technical evolution},
  doi={10.1109/JPROC.2023.3238524}
}

@article{zhao2019object,
  title={Object detection with deep learning: A review},
  author={Zhao, Zhong-Qiu and Zheng, Peng and Xu, Shou-tao and Wu, Xindong},
  journal={IEEE transactions on neural networks and learning systems},
  volume={30},
  number={11},
  pages={3212--3232},
  year={2019},
  publisher={IEEE}
}

@INPROCEEDINGS{710772,
  author={Papageorgiou, C.P. and Oren, M. and Poggio, T.},
  booktitle={Sixth International Conference on Computer Vision (IEEE Cat. No.98CH36271)}, 
  title={A general framework for object detection}, 
  year={1998},
  volume={},
  number={},
  pages={555-562},
  keywords={Object detection;Face detection;Layout;Wavelet analysis;Statistical analysis;Machine learning;Dictionaries;Support vector machines;Support vector machine classification;Detection algorithms},
  doi={10.1109/ICCV.1998.710772}
}

@article{yao2020video,
  title={Video object segmentation and tracking: A survey},
  author={Yao, Rui and Lin, Guosheng and Xia, Shixiong and Zhao, Jiaqi and Zhou, Yong},
  journal={ACM Transactions on Intelligent Systems and Technology (TIST)},
  volume={11},
  number={4},
  pages={1--47},
  year={2020},
  publisher={ACM New York, NY, USA}
}

@inproceedings{li2014secrets,
  title={The secrets of salient object segmentation},
  author={Li, Yin and Hou, Xiaodi and Koch, Christof and Rehg, James M and Yuille, Alan L},
  booktitle={Proceedings of the IEEE conference on computer vision and pattern recognition},
  pages={280--287},
  year={2014}
}

@inproceedings{caelles2017one,
  title={One-shot video object segmentation},
  author={Caelles, Sergi and Maninis, Kevis-Kokitsi and Pont-Tuset, Jordi and Leal-Taix{\'e}, Laura and Cremers, Daniel and Van Gool, Luc},
  booktitle={Proceedings of the IEEE conference on computer vision and pattern recognition},
  pages={221--230},
  year={2017}
}

@inproceedings{brox2010object,
  title={Object segmentation by long term analysis of point trajectories},
  author={Brox, Thomas and Malik, Jitendra},
  booktitle={European conference on computer vision},
  pages={282--295},
  year={2010},
  organization={Springer}
}

@inproceedings{perazzi2017learning,
  title={Learning video object segmentation from static images},
  author={Perazzi, Federico and Khoreva, Anna and Benenson, Rodrigo and Schiele, Bernt and Sorkine-Hornung, Alexander},
  booktitle={Proceedings of the IEEE conference on computer vision and pattern recognition},
  pages={2663--2672},
  year={2017}
}

@inproceedings{wang2021swiftnet,
  title={Swiftnet: Real-time video object segmentation},
  author={Wang, Haochen and Jiang, Xiaolong and Ren, Haibing and Hu, Yao and Bai, Song},
  booktitle={Proceedings of the IEEE/CVF Conference on Computer Vision and Pattern Recognition},
  pages={1296--1305},
  year={2021}
}

@inproceedings{lee2011key,
  title={Key-segments for video object segmentation},
  author={Lee, Yong Jae and Kim, Jaechul and Grauman, Kristen},
  booktitle={2011 International conference on computer vision},
  pages={1995--2002},
  year={2011},
  organization={IEEE}
}

@article{gao2023deep,
  title={Deep learning for video object segmentation: a review},
  author={Gao, Mingqi and Zheng, Feng and Yu, James JQ and Shan, Caifeng and Ding, Guiguang and Han, Jungong},
  journal={Artificial Intelligence Review},
  volume={56},
  number={1},
  pages={457--531},
  year={2023},
  publisher={Springer}
}


@misc{cao2017realtimemultiperson2dpose,
      title={Realtime Multi-Person 2D Pose Estimation using Part Affinity Fields}, 
      author={Zhe Cao and Tomas Simon and Shih-En Wei and Yaser Sheikh},
      year={2017},
      eprint={1611.08050},
      archivePrefix={arXiv},
      primaryClass={cs.CV},
      url={https://arxiv.org/abs/1611.08050}, 
}

@misc{sun2019deephighresolutionrepresentationlearning,
      title={Deep High-Resolution Representation Learning for Human Pose Estimation}, 
      author={Ke Sun and Bin Xiao and Dong Liu and Jingdong Wang},
      year={2019},
      eprint={1902.09212},
      archivePrefix={arXiv},
      primaryClass={cs.CV},
      url={https://arxiv.org/abs/1902.09212}, 
}

@misc{xiao2018simplebaselineshumanpose,
      title={Simple Baselines for Human Pose Estimation and Tracking}, 
      author={Bin Xiao and Haiping Wu and Yichen Wei},
      year={2018},
      eprint={1804.06208},
      archivePrefix={arXiv},
      primaryClass={cs.CV},
      url={https://arxiv.org/abs/1804.06208}, 
}

@misc{cheng2020higherhrnetscaleawarerepresentationlearning,
      title={HigherHRNet: Scale-Aware Representation Learning for Bottom-Up Human Pose Estimation}, 
      author={Bowen Cheng and Bin Xiao and Jingdong Wang and Honghui Shi and Thomas S. Huang and Lei Zhang},
      year={2020},
      eprint={1908.10357},
      archivePrefix={arXiv},
      primaryClass={cs.CV},
      url={https://arxiv.org/abs/1908.10357}, 
}

@misc{fang2018rmperegionalmultipersonpose,
      title={RMPE: Regional Multi-person Pose Estimation}, 
      author={Hao-Shu Fang and Shuqin Xie and Yu-Wing Tai and Cewu Lu},
      year={2018},
      eprint={1612.00137},
      archivePrefix={arXiv},
      primaryClass={cs.CV},
      url={https://arxiv.org/abs/1612.00137}, 
}

@misc{li2019simpleposerethinkingimproving,
      title={Simple Pose: Rethinking and Improving a Bottom-up Approach for Multi-Person Pose Estimation}, 
      author={Jia Li and Wen Su and Zengfu Wang},
      year={2019},
      eprint={1911.10529},
      archivePrefix={arXiv},
      primaryClass={cs.CV},
      url={https://arxiv.org/abs/1911.10529}, 
}


@misc{bazarevsky2020blazeposeondevicerealtimebody,
      title={BlazePose: On-device Real-time Body Pose tracking}, 
      author={Valentin Bazarevsky and Ivan Grishchenko and Karthik Raveendran and Tyler Zhu and Fan Zhang and Matthias Grundmann},
      year={2020},
      eprint={2006.10204},
      archivePrefix={arXiv},
      primaryClass={cs.CV},
      url={https://arxiv.org/abs/2006.10204}, 
}

@misc{zhang2019pose2segdetectionfreehuman,
      title={Pose2Seg: Detection Free Human Instance Segmentation}, 
      author={Song-Hai Zhang and Ruilong Li and Xin Dong and Paul L. Rosin and Zixi Cai and Xi Han and Dingcheng Yang and Hao-Zhi Huang and Shi-Min Hu},
      year={2019},
      eprint={1803.10683},
      archivePrefix={arXiv},
      primaryClass={cs.CV},
      url={https://arxiv.org/abs/1803.10683}, 
}

@Article{app12168160,
    AUTHOR = {Moysiadis, Vasileios and Katikaridis, Dimitrios and Benos, Lefteris and Busato, Patrizia and Anagnostis, Athanasios and Kateris, Dimitrios and Pearson, Simon and Bochtis, Dionysis},
    TITLE = {An Integrated Real-Time Hand Gesture Recognition Framework for Humanâ€“Robot Interaction in Agriculture},
    JOURNAL = {Applied Sciences},
    VOLUME = {12},
    YEAR = {2022},
    NUMBER = {16},
    ARTICLE-NUMBER = {8160},
    URL = {https://www.mdpi.com/2076-3417/12/16/8160},
    ISSN = {2076-3417},
    DOI = {10.3390/app12168160}
}

@article{singla2014motion,
  title={Motion detection based on frame difference method},
  author={Singla, Nishu},
  journal={International Journal of Information \& Computation Technology},
  volume={4},
  number={15},
  pages={1559--1565},
  year={2014}
}

@inproceedings{song2000towards,
  title={Towards detection of human motion},
  author={Song, Yang and Feng, Xiaolin and Perona, Pietro},
  booktitle={Proceedings IEEE Conference on Computer Vision and Pattern Recognition. CVPR 2000 (Cat. No. PR00662)},
  volume={1},
  pages={810--817},
  year={2000},
  organization={IEEE}
}

@inproceedings{kun2009traffic,
  title={Traffic monitoring with computer vision},
  author={Kun, Attila Jozsef and Vamossy, Zoltan},
  booktitle={2009 7th International Symposium on Applied Machine Intelligence and Informatics},
  pages={131--134},
  year={2009},
  organization={IEEE}
}

@inproceedings{pauzi2021movement,
  title={Movement estimation using mediapipe blazepose},
  author={Pauzi, Ainun Syarafana Binti and Mohd Nazri, Firdaus Bin and Sani, Salisu and Bataineh, Ahmad Mwfaq and Hisyam, Muhamad Nurul and Jaafar, Mohd Hafiidz and Ab Wahab, Mohd Nadhir and Mohamed, Ahmad Sufril Azlan},
  booktitle={Advances in Visual Informatics: 7th International Visual Informatics Conference, IVIC 2021, Kajang, Malaysia, November 23--25, 2021, Proceedings 7},
  pages={562--571},
  year={2021},
  organization={Springer}
}

@article{kwon2022real,
  title={Real-Time workout posture correction using OpenCV and MediaPipe},
  author={Kwon, Yejin and Kim, Dongho},
  journal={í•œêµ­ì •ë³´ê¸°ìˆ í•™íšŒë…¼ë¬¸ì§€},
  volume={20},
  number={1},
  pages={199--208},
  year={2022}
}


@article{taylor1985relation,
  title={The relation of physical activity and exercise to mental health.},
  author={Taylor, C Barr and Sallis, James F and Needle, Richard},
  journal={Public health reports},
  volume={100},
  number={2},
  pages={195},
  year={1985},
  publisher={SAGE Publications}
}

@article{mikkelsen2017exercise,
  title={Exercise and mental health},
  author={Mikkelsen, Kathleen and Stojanovska, Lily and Polenakovic, Momir and Bosevski, Marijan and Apostolopoulos, Vasso},
  journal={Maturitas},
  volume={106},
  pages={48--56},
  year={2017},
  publisher={Elsevier}
}

@article{hughes1984psychological,
  title={Psychological effects of habitual aerobic exercise: A critical review},
  author={Hughes, John R},
  journal={Preventive medicine},
  volume={13},
  number={1},
  pages={66--78},
  year={1984},
  publisher={Elsevier}
}

@article{fossati2021physical,
  title={Physical exercise and mental health: The routes of a reciprocal relation},
  author={Fossati, Chiara and Torre, Guglielmo and Vasta, Sebastiano and Giombini, Arrigo and Quaranta, Federico and Papalia, Rocco and Pigozzi, Fabio},
  journal={International journal of environmental research and public health},
  volume={18},
  number={23},
  pages={12364},
  year={2021},
  publisher={MDPI}
}

@article{caviness2023effects,
  title={Effects of a bout of exercise on mood in people with depression with and without physical pain},
  author={Caviness, Celeste M and Abrantes, Ana M and Oâ€™Keeffe, J Bailey and Legasse, Aubrey J and Uebelacker, Lisa A},
  journal={Psychology, health \& medicine},
  volume={28},
  number={4},
  pages={1068--1075},
  year={2023},
  publisher={Taylor \& Francis}
}

#NHS (2023). Obesity. [online] NHS. Available at: https://www.nhs.uk/conditions/obesity/.
@misc{NHS-obesity,
    author       = {NHS},
    title        = {Obesity},
    url          = {https://www.nhs.uk/conditions/obesity/},
    year         = {2023}
}

#NHS (2021). Benefits of Exercise. [online] NHS. Available at: https://www.nhs.uk/live-well/exercise/exercise-health-benefits/.
@misc{NHS-benefits,
      author       = {NHS},
      title        = {Benefits of Exercise},
      url          = {https://www.nhs.uk/live-well/exercise/exercise-health-benefits/},
      year         = {2021}
}

@article{debnath2022review,
  title={A review of computer vision-based approaches for physical rehabilitation and assessment},
  author={Debnath, Bappaditya and Oâ€™brien, Mary and Yamaguchi, Motonori and Behera, Ardhendu},
  journal={Multimedia Systems},
  volume={28},
  number={1},
  pages={209--239},
  year={2022},
  publisher={Springer}
}

@inproceedings{borisov2023application,
  title={Application of Computer Vision Technologies to Reduce Injuries in the Athletesâ€™ Training},
  author={Borisov, VV and Misnik, AE and Velkov, AA and Shalukhova, MA},
  booktitle={International Conference on Intelligent Information Technologies for Industry},
  pages={137--145},
  year={2023},
  organization={Springer}
}

@inproceedings{liu2018recognizing,
  title={Recognizing human actions as the evolution of pose estimation maps},
  author={Liu, Mengyuan and Yuan, Junsong},
  booktitle={Proceedings of the IEEE conference on computer vision and pattern recognition},
  pages={1159--1168},
  year={2018}
}

@misc{Roboflow,
    author       = {Lynn, Trevor},
    howpublished = {Roboflow Blog},
    title        = {Pose Estimation Algorithms: History and Evolution.},
    url          = {https://blog.roboflow.com/pose-estimation-algorithms-history/},
    day          = {19},
    month        = {07},
    year         = {2023}
}

@inproceedings{viola2001rapid,
  title={Rapid object detection using a boosted cascade of simple features},
  author={Viola, Paul and Jones, Michael},
  booktitle={Proceedings of the 2001 IEEE computer society conference on computer vision and pattern recognition. CVPR 2001},
  volume={1},
  pages={I--I},
  year={2001},
  organization={Ieee}
}

@inproceedings{dalal2005histograms,
  title={Histograms of oriented gradients for human detection},
  author={Dalal, Navneet and Triggs, Bill},
  booktitle={2005 IEEE computer society conference on computer vision and pattern recognition (CVPR'05)},
  volume={1},
  pages={886--893},
  year={2005},
  organization={Ieee}
}

@inproceedings{girshick2014rich,
  title={Rich feature hierarchies for accurate object detection and semantic segmentation},
  author={Girshick, Ross and Donahue, Jeff and Darrell, Trevor and Malik, Jitendra},
  booktitle={Proceedings of the IEEE conference on computer vision and pattern recognition},
  pages={580--587},
  year={2014}
}

@inproceedings{girshick2015fast,
  title={Fast r-cnn},
  author={Girshick, Ross},
  booktitle={Proceedings of the IEEE international conference on computer vision},
  pages={1440--1448},
  year={2015}
}

@article{ren2015faster,
  title={Faster r-cnn: Towards real-time object detection with region proposal networks},
  author={Ren, Shaoqing and He, Kaiming and Girshick, Ross and Sun, Jian},
  journal={Advances in neural information processing systems},
  volume={28},
  year={2015}
}

@inproceedings{liu2016ssd,
  title={Ssd: Single shot multibox detector},
  author={Liu, Wei and Anguelov, Dragomir and Erhan, Dumitru and Szegedy, Christian and Reed, Scott and Fu, Cheng-Yang and Berg, Alexander C},
  booktitle={Computer Vision--ECCV 2016: 14th European Conference, Amsterdam, The Netherlands, October 11--14, 2016, Proceedings, Part I 14},
  pages={21--37},
  year={2016},
  organization={Springer}
}

@inproceedings{lin2017focal,
  title={Focal loss for dense object detection},
  author={Lin, Tsung-Yi and Goyal, Priya and Girshick, Ross and He, Kaiming and Doll{\'a}r, Piotr},
  booktitle={Proceedings of the IEEE international conference on computer vision},
  pages={2980--2988},
  year={2017}
}

@article{otsu1975threshold,
  title={A threshold selection method from gray-level histograms},
  author={Otsu, Nobuyuki and others},
  journal={Automatica},
  volume={11},
  number={285-296},
  pages={23--27},
  year={1975}
}

@article{canny1986computational,
  title={A computational approach to edge detection},
  author={Canny, John},
  journal={IEEE Transactions on pattern analysis and machine intelligence},
  number={6},
  pages={679--698},
  year={1986},
  publisher={Ieee}
}

@article{adams1994seeded,
  title={Seeded region growing},
  author={Adams, Rolf and Bischof, Leanne},
  journal={IEEE Transactions on pattern analysis and machine intelligence},
  volume={16},
  number={6},
  pages={641--647},
  year={1994},
  publisher={IEEE}
}

@inproceedings{long2015fully,
  title={Fully convolutional networks for semantic segmentation},
  author={Long, Jonathan and Shelhamer, Evan and Darrell, Trevor},
  booktitle={Proceedings of the IEEE conference on computer vision and pattern recognition},
  pages={3431--3440},
  year={2015}
}

@inproceedings{ronneberger2015u,
  title={U-net: Convolutional networks for biomedical image segmentation},
  author={Ronneberger, Olaf and Fischer, Philipp and Brox, Thomas},
  booktitle={Medical image computing and computer-assisted intervention--MICCAI 2015: 18th international conference, Munich, Germany, October 5-9, 2015, proceedings, part III 18},
  pages={234--241},
  year={2015},
  organization={Springer}
}

@inproceedings{he2017mask,
  title={Mask r-cnn},
  author={He, Kaiming and Gkioxari, Georgia and Doll{\'a}r, Piotr and Girshick, Ross},
  booktitle={Proceedings of the IEEE international conference on computer vision},
  pages={2961--2969},
  year={2017}
}

@article{chen2017deeplab,
  title={Deeplab: Semantic image segmentation with deep convolutional nets, atrous convolution, and fully connected crfs},
  author={Chen, Liang-Chieh and Papandreou, George and Kokkinos, Iasonas and Murphy, Kevin and Yuille, Alan L},
  journal={IEEE transactions on pattern analysis and machine intelligence},
  volume={40},
  number={4},
  pages={834--848},
  year={2017},
  publisher={IEEE}
}

@article{felzenszwalb2005pictorial,
  title={Pictorial structures for object recognition},
  author={Felzenszwalb, Pedro F and Huttenlocher, Daniel P},
  journal={International journal of computer vision},
  volume={61},
  pages={55--79},
  year={2005},
  publisher={Springer}
}

@article{felzenszwalb2009object,
  title={Object detection with discriminatively trained part-based models},
  author={Felzenszwalb, Pedro F and Girshick, Ross B and McAllester, David and Ramanan, Deva},
  journal={IEEE transactions on pattern analysis and machine intelligence},
  volume={32},
  number={9},
  pages={1627--1645},
  year={2009},
  publisher={IEEE}
}

@inproceedings{wei2016convolutional,
  title={Convolutional pose machines},
  author={Wei, Shih-En and Ramakrishna, Varun and Kanade, Takeo and Sheikh, Yaser},
  booktitle={Proceedings of the IEEE conference on Computer Vision and Pattern Recognition},
  pages={4724--4732},
  year={2016}
}

@misc{newell2016stacked,
      title={Stacked Hourglass Networks for Human Pose Estimation}, 
      author={Alejandro Newell and Kaiyu Yang and Jia Deng},
      year={2016},
      eprint={1603.06937},
      archivePrefix={arXiv},
      primaryClass={cs.CV},
      url={https://arxiv.org/abs/1603.06937}, 
}

@inproceedings{cao2017realtime,
  title={Realtime multi-person 2d pose estimation using part affinity fields},
  author={Cao, Zhe and Simon, Tomas and Wei, Shih-En and Sheikh, Yaser},
  booktitle={Proceedings of the IEEE conference on computer vision and pattern recognition},
  pages={7291--7299},
  year={2017}
}

@inproceedings{kendall2015posenet,
  title={Posenet: A convolutional network for real-time 6-dof camera relocalization},
  author={Kendall, Alex and Grimes, Matthew and Cipolla, Roberto},
  booktitle={Proceedings of the IEEE international conference on computer vision},
  pages={2938--2946},
  year={2015}
}

@inproceedings{lucas1981iterative,
  title={An iterative image registration technique with an application to stereo vision},
  author={Lucas, Bruce D and Kanade, Takeo},
  booktitle={IJCAI'81: 7th international joint conference on Artificial intelligence},
  volume={2},
  pages={674--679},
  year={1981}
}

@article{kalman1960new,
  title={A new approach to linear filtering and prediction problems},
  author={Kalman, Rudolph Emil},
  journal={The American Society of Mechanical Engineers},
  year={1960}
}

@inproceedings{comaniciu2000real,
  title={Real-time tracking of non-rigid objects using mean shift},
  author={Comaniciu, Dorin and Ramesh, Visvanathan and Meer, Peter},
  booktitle={Proceedings IEEE Conference on Computer Vision and Pattern Recognition. CVPR 2000 (Cat. No. PR00662)},
  volume={2},
  pages={142--149},
  year={2000},
  organization={IEEE}
}

@inproceedings{chen2016full,
  title={Full flow: Optical flow estimation by global optimization over regular grids},
  author={Chen, Qifeng and Koltun, Vladlen},
  booktitle={Proceedings of the IEEE conference on computer vision and pattern recognition},
  pages={4706--4714},
  year={2016}
}

@article{hochreiter1997long,
  title={Long short-term memory},
  author={Hochreiter, Sepp and Schmidhuber, J{\"u}rgen},
  journal={Neural computation},
  volume={9},
  number={8},
  pages={1735--1780},
  year={1997},
  publisher={MIT press}
}

@inproceedings{koch2015siamese,
  title={Siamese neural networks for one-shot image recognition},
  author={Koch, Gregory and Zemel, Richard and Salakhutdinov, Ruslan and others},
  booktitle={ICML deep learning workshop},
  volume={2},
  number={1},
  pages={1--30},
  year={2015},
  organization={Lille}
}

@inproceedings{wojke2017simple,
  title={Simple online and realtime tracking with a deep association metric},
  author={Wojke, Nicolai and Bewley, Alex and Paulus, Dietrich},
  booktitle={2017 IEEE international conference on image processing (ICIP)},
  pages={3645--3649},
  year={2017},
  organization={IEEE}
}

@inproceedings{huang2019tracknet,
  title={Tracknet: A deep learning network for tracking high-speed and tiny objects in sports applications},
  author={Huang, Yu-Chuan and Liao, I-No and Chen, Ching-Hsuan and {\.I}k, Ts{\`\i}-U{\'\i} and Peng, Wen-Chih},
  booktitle={2019 16th IEEE International Conference on Advanced Video and Signal Based Surveillance (AVSS)},
  pages={1--8},
  year={2019},
  organization={IEEE}
}

@inproceedings{redmon2016you,
  title={You only look once: Unified, real-time object detection},
  author={Redmon, Joseph and Divvala, Santosh and Girshick, Ross and Farhadi, Ali},
  booktitle={Proceedings of the IEEE conference on computer vision and pattern recognition},
  pages={779--788},
  year={2016}
}

@inproceedings{redmon2017yolo9000,
  title={YOLO9000: better, faster, stronger},
  author={Redmon, Joseph and Farhadi, Ali},
  booktitle={Proceedings of the IEEE conference on computer vision and pattern recognition},
  pages={7263--7271},
  year={2017}
}

@article{redmon2018yolov3,
  title={Yolov3: An incremental improvement},
  author={Redmon, Joseph and Farhadi, Ali},
  journal={arXiv preprint arXiv:1804.02767},
  year={2018}
}

@misc{bochkovskiy2020yolov4,
      title={YOLOv4: Optimal Speed and Accuracy of Object Detection}, 
      author={Alexey Bochkovskiy and Chien-Yao Wang and Hong-Yuan Mark Liao},
      year={2020},
      eprint={2004.10934},
      archivePrefix={arXiv},
      primaryClass={cs.CV},
      url={https://arxiv.org/abs/2004.10934}, 
}

@software{jocher2020yolov5,
  author       = {Glenn Jocher},
  title        = {YOLOv5 by Ultralytics},
  version      = {7.0},
  year         = {2020},
  doi          = {10.5281/zenodo.3908559},
  date         = {2020-05-29},
  license      = {AGPL-3.0},
  url          = {https://github.com/ultralytics/yolov5},
  orcid        = {https://orcid.org/0000-0001-5950-6979}
}

@article{li2022yolov6,
  title={YOLOv6: A single-stage object detection framework for industrial applications},
  author={Li, Chuyi and Li, Lulu and Jiang, Hongliang and Weng, Kaiheng and Geng, Yifei and Li, Liang and Ke, Zaidan and Li, Qingyuan and Cheng, Meng and Nie, Weiqiang and others},
  journal={arXiv preprint arXiv:2209.02976},
  year={2022}
}

@inproceedings{wang2023yolov7,
  title={YOLOv7: Trainable bag-of-freebies sets new state-of-the-art for real-time object detectors},
  author={Wang, Chien-Yao and Bochkovskiy, Alexey and Liao, Hong-Yuan Mark},
  booktitle={Proceedings of the IEEE/CVF conference on computer vision and pattern recognition},
  pages={7464--7475},
  year={2023}
}

@software{ultralytics2023yolov8,
  author       = {Glenn Jocher and Ayush Chaurasia and Jing Qiu},
  title        = {Ultralytics YOLO},
  version      = {8.0.0},
  year         = 2023,
  date         = {2023-01-10},
  license      = {AGPL-3.0},
  url          = {https://ultralytics.com},
  repository   = {https://github.com/ultralytics/ultralytics},
  orcid        = {https://orcid.org/0000-0001-5950-6979, https://orcid.org/0000-0002-7603-6750, https://orcid.org/0000-0003-3783-7069}
}

@article{wang2024yolov9,
  title={Yolov9: Learning what you want to learn using programmable gradient information},
  author={Wang, Chien-Yao and Yeh, I-Hau and Liao, Hong-Yuan Mark},
  journal={arXiv preprint arXiv:2402.13616},
  year={2024}
}

@article{wang2024yolov10, 
  title={Yolov10: Real-time end-to-end object detection},
  author={Wang, Ao and Chen, Hui and Liu, Lihao and Chen, Kai and Lin, Zijia and Han, Jungong and Ding, Guiguang},
  journal={arXiv preprint arXiv:2405.14458},
  year={2024}
}

@article{lugaresi2019mediapipe,
  title={Mediapipe: A framework for building perception pipelines},
  author={Lugaresi, Camillo and Tang, Jiuqiang and Nash, Hadon and McClanahan, Chris and Uboweja, Esha and Hays, Michael and Zhang, Fan and Chang, Chuo-Ling and Yong, Ming Guang and Lee, Juhyun and others},
  journal={arXiv preprint arXiv:1906.08172},
  year={2019}
}

@misc{google2023mediapipe,
  author       = {Google},
  title        = {MediaPipe Solutions Guide},
  year         = {2023},
  url          = {https://ai.google.dev/edge/mediapipe/solutions/guide}
}

@article{sung2021device,
  title={On-device real-time hand gesture recognition},
  author={Sung, George and Sokal, Kanstantsin and Uboweja, Esha and Bazarevsky, Valentin and Baccash, Jonathan and Bazavan, Eduard Gabriel and Chang, Chuo-Ling and Grundmann, Matthias},
  journal={arXiv preprint arXiv:2111.00038},
  year={2021}
}